%YAML 1.1
%TAG !u! tag:unity3d.com,2011:
--- !u!1 &5903118091697544523
GameObject:
  m_ObjectHideFlags: 0
  m_CorrespondingSourceObject: {fileID: 0}
  m_PrefabInstance: {fileID: 0}
  m_PrefabAsset: {fileID: 0}
  serializedVersion: 6
  m_Component:
  - component: {fileID: 3465242825098449024}
  m_Layer: 0
  m_Name: SpawnPoint
  m_TagString: Untagged
  m_Icon: {fileID: 4422084297763085224, guid: 0000000000000000d000000000000000, type: 0}
  m_NavMeshLayer: 0
  m_StaticEditorFlags: 0
  m_IsActive: 1
--- !u!4 &3465242825098449024
Transform:
  m_ObjectHideFlags: 0
  m_CorrespondingSourceObject: {fileID: 0}
  m_PrefabInstance: {fileID: 0}
  m_PrefabAsset: {fileID: 0}
  m_GameObject: {fileID: 5903118091697544523}
  m_LocalRotation: {x: 0, y: 0, z: 0, w: 1}
  m_LocalPosition: {x: 0, y: 0.69, z: 0.71}
  m_LocalScale: {x: 1, y: 1, z: 1}
  m_Children: []
  m_Father: {fileID: 7739252955021608656}
  m_RootOrder: 1
  m_LocalEulerAnglesHint: {x: 0, y: 0, z: 0}
--- !u!1 &7739252955021515504
GameObject:
  m_ObjectHideFlags: 0
  m_CorrespondingSourceObject: {fileID: 0}
  m_PrefabInstance: {fileID: 0}
  m_PrefabAsset: {fileID: 0}
  serializedVersion: 6
  m_Component:
  - component: {fileID: 7739252955021608656}
  - component: {fileID: 7739252955018217200}
  - component: {fileID: 7739252955019314224}
  - component: {fileID: 3346891907698714288}
  - component: {fileID: 2335477615341022873}
  m_Layer: 0
  m_Name: CH_Soldier (Weapons_Tier1)
  m_TagString: Untagged
  m_Icon: {fileID: 0}
  m_NavMeshLayer: 0
  m_StaticEditorFlags: 0
  m_IsActive: 1
--- !u!4 &7739252955021608656
Transform:
  m_ObjectHideFlags: 0
  m_CorrespondingSourceObject: {fileID: 0}
  m_PrefabInstance: {fileID: 0}
  m_PrefabAsset: {fileID: 0}
  m_GameObject: {fileID: 7739252955021515504}
  m_LocalRotation: {x: 0, y: 0, z: 0, w: 1}
  m_LocalPosition: {x: -1.482, y: 1.995, z: 37.596}
  m_LocalScale: {x: 1, y: 1, z: 1}
  m_Children:
  - {fileID: 3423396294762238355}
  - {fileID: 3465242825098449024}
  m_Father: {fileID: 0}
  m_RootOrder: 0
  m_LocalEulerAnglesHint: {x: 0, y: 0, z: 0}
--- !u!33 &7739252955018217200
MeshFilter:
  m_ObjectHideFlags: 0
  m_CorrespondingSourceObject: {fileID: 0}
  m_PrefabInstance: {fileID: 0}
  m_PrefabAsset: {fileID: 0}
  m_GameObject: {fileID: 7739252955021515504}
  m_Mesh: {fileID: 4300000, guid: 4d5e2c32c44e1cd4d9b86e2f20925011, type: 3}
--- !u!23 &7739252955019314224
MeshRenderer:
  m_ObjectHideFlags: 0
  m_CorrespondingSourceObject: {fileID: 0}
  m_PrefabInstance: {fileID: 0}
  m_PrefabAsset: {fileID: 0}
  m_GameObject: {fileID: 7739252955021515504}
  m_Enabled: 1
  m_CastShadows: 1
  m_ReceiveShadows: 1
  m_DynamicOccludee: 1
  m_MotionVectors: 1
  m_LightProbeUsage: 1
  m_ReflectionProbeUsage: 1
  m_RenderingLayerMask: 1
  m_RendererPriority: 0
  m_Materials:
  - {fileID: 2100000, guid: 4e1eaaf1ab286104eaddfab673678a96, type: 2}
  - {fileID: 2100000, guid: 05aee52ab745ca748a164e65b711d1c3, type: 2}
  - {fileID: 2100000, guid: cd90de5e4388820468b24d67b27fae52, type: 2}
  - {fileID: 2100000, guid: 81c0015bb0cab19458a7dece917499d2, type: 2}
  - {fileID: 2100000, guid: 852254314c030024f80517dc2225f148, type: 2}
  m_StaticBatchInfo:
    firstSubMesh: 0
    subMeshCount: 0
  m_StaticBatchRoot: {fileID: 0}
  m_ProbeAnchor: {fileID: 0}
  m_LightProbeVolumeOverride: {fileID: 0}
  m_ScaleInLightmap: 1
  m_PreserveUVs: 0
  m_IgnoreNormalsForChartDetection: 0
  m_ImportantGI: 0
  m_StitchLightmapSeams: 0
  m_SelectedEditorRenderState: 3
  m_MinimumChartSize: 4
  m_AutoUVMaxDistance: 0.5
  m_AutoUVMaxAngle: 89
  m_LightmapParameters: {fileID: 0}
  m_SortingLayerID: 0
  m_SortingLayer: 0
  m_SortingOrder: 0
--- !u!114 &3346891907698714288
MonoBehaviour:
  m_ObjectHideFlags: 0
  m_CorrespondingSourceObject: {fileID: 0}
  m_PrefabInstance: {fileID: 0}
  m_PrefabAsset: {fileID: 0}
  m_GameObject: {fileID: 7739252955021515504}
  m_Enabled: 1
  m_EditorHideFlags: 0
  m_Script: {fileID: 11500000, guid: 3ff17039115a2614c990ae4a9e3d2a14, type: 3}
  m_Name: 
  m_EditorClassIdentifier: 
  damageTurret: 5.5
  range: 8
  cost: 50
  rateOfFire: 1
  timer: 0
  enemies:
    serializedVersion: 2
    m_Bits: 256
  spawnPoint: {fileID: 3465242825098449024}
  colliders: []
  bulletPrefab: {fileID: 4612498981785343383, guid: baf649f78e620804792f9797eb5249a9,
    type: 3}
  rangeViewer: {fileID: 1757411253592400898, guid: a477df9b014bb574fa88a18ce719a54a,
    type: 3}
--- !u!54 &2335477615341022873
Rigidbody:
  m_ObjectHideFlags: 0
  m_CorrespondingSourceObject: {fileID: 0}
  m_PrefabInstance: {fileID: 0}
  m_PrefabAsset: {fileID: 0}
  m_GameObject: {fileID: 7739252955021515504}
  serializedVersion: 2
  m_Mass: 1
  m_Drag: 0
  m_AngularDrag: 0.05
  m_UseGravity: 0
  m_IsKinematic: 0
  m_Interpolate: 0
  m_Constraints: 0
  m_CollisionDetection: 0
--- !u!1001 &3783317041958203271
PrefabInstance:
  m_ObjectHideFlags: 0
  serializedVersion: 2
  m_Modification:
    m_TransformParent: {fileID: 7739252955021608656}
    m_Modifications:
    - target: {fileID: 1946489644513174068, guid: af07b62e807c8fa44979053ff6645a32,
        type: 3}
      propertyPath: m_Name
      value: SM_Weapons_Tier1 (1)
      objectReference: {fileID: 0}
    - target: {fileID: 1946489644512755220, guid: af07b62e807c8fa44979053ff6645a32,
        type: 3}
      propertyPath: m_LocalPosition.x
      value: -0.37645817
      objectReference: {fileID: 0}
    - target: {fileID: 1946489644512755220, guid: af07b62e807c8fa44979053ff6645a32,
        type: 3}
      propertyPath: m_LocalPosition.y
      value: -1.9700003
      objectReference: {fileID: 0}
    - target: {fileID: 1946489644512755220, guid: af07b62e807c8fa44979053ff6645a32,
        type: 3}
      propertyPath: m_LocalPosition.z
      value: 0.0008010864
      objectReference: {fileID: 0}
    - target: {fileID: 1946489644512755220, guid: af07b62e807c8fa44979053ff6645a32,
        type: 3}
      propertyPath: m_LocalRotation.x
      value: -0
      objectReference: {fileID: 0}
    - target: {fileID: 1946489644512755220, guid: af07b62e807c8fa44979053ff6645a32,
        type: 3}
      propertyPath: m_LocalRotation.y
      value: -0
      objectReference: {fileID: 0}
    - target: {fileID: 1946489644512755220, guid: af07b62e807c8fa44979053ff6645a32,
        type: 3}
      propertyPath: m_LocalRotation.z
      value: -0
      objectReference: {fileID: 0}
    - target: {fileID: 1946489644512755220, guid: af07b62e807c8fa44979053ff6645a32,
        type: 3}
      propertyPath: m_LocalRotation.w
      value: 1
      objectReference: {fileID: 0}
    - target: {fileID: 1946489644512755220, guid: af07b62e807c8fa44979053ff6645a32,
        type: 3}
      propertyPath: m_RootOrder
      value: 0
      objectReference: {fileID: 0}
    - target: {fileID: 1946489644512755220, guid: af07b62e807c8fa44979053ff6645a32,
        type: 3}
      propertyPath: m_LocalEulerAnglesHint.x
      value: 0
      objectReference: {fileID: 0}
    - target: {fileID: 1946489644512755220, guid: af07b62e807c8fa44979053ff6645a32,
        type: 3}
      propertyPath: m_LocalEulerAnglesHint.y
      value: 0
      objectReference: {fileID: 0}
    - target: {fileID: 1946489644512755220, guid: af07b62e807c8fa44979053ff6645a32,
        type: 3}
      propertyPath: m_LocalEulerAnglesHint.z
      value: 0
      objectReference: {fileID: 0}
    m_RemovedComponents: []
  m_SourcePrefab: {fileID: 100100000, guid: af07b62e807c8fa44979053ff6645a32, type: 3}
--- !u!4 &3423396294762238355 stripped
Transform:
  m_CorrespondingSourceObject: {fileID: 1946489644512755220, guid: af07b62e807c8fa44979053ff6645a32,
    type: 3}
  m_PrefabInstance: {fileID: 3783317041958203271}
  m_PrefabAsset: {fileID: 0}
